
<record>
  <controlfield tag="001">1466010</controlfield>
  <datafield tag="024" ind1="7" ind2=" ">
    <subfield code="2">DOI</subfield>
    <subfield code="9">AIP</subfield>
    <subfield code="a">10.1063/1.4949389</subfield>
  </datafield>
  <datafield tag="035" ind1=" " ind2=" ">
    <subfield code="9">INSPIRETeX</subfield>
    <subfield code="a">Shemyakin:2016ltp</subfield>
  </datafield>
  <datafield tag="035" ind1=" " ind2=" ">
    <subfield code="9">DESY</subfield>
    <subfield code="z">DA16-kp22ak</subfield>
  </datafield>
  <datafield tag="245" ind1=" " ind2=" ">
    <subfield code="a">Cross section measurement of the process $e^+e^− \to K^+K^−π^+π^−$ at the VEPP 2000 collider with the CMD-3 detector</subfield>
  </datafield>
</record>