
<record>
  <controlfield tag="001">1457644</controlfield>
  <datafield tag="024" ind1="7" ind2=" ">
    <subfield code="a">10.1016/j.nima.2015.11.128</subfield>
    <subfield code="2">DOI</subfield>
    <subfield code="9">Elsevier</subfield>
  </datafield>
  <datafield tag="035" ind1=" " ind2=" ">
    <subfield code="a">Shebalin:2016gwx</subfield>
    <subfield code="9">INSPIRETeX</subfield>
  </datafield>
  <datafield tag="035" ind1=" " ind2=" ">
    <subfield code="9">DESY</subfield>
    <subfield code="z">DA16-kp20ah</subfield>
  </datafield>
  <datafield tag="245" ind1=" " ind2=" ">
    <subfield code="a">Calorimetry of the CMD-3 detector</subfield>
  </datafield>
</record>