
<record>
  <controlfield tag="001">1513664</controlfield>
  <datafield tag="024" ind1="7" ind2=" ">
    <subfield code="2">DOI</subfield>
    <subfield code="a">10.3969/j.issn.0253-2778.2016.06.009</subfield>
  </datafield>
  <datafield tag="035" ind1=" " ind2=" ">
    <subfield code="a">Ivanov:2016iqc</subfield>
    <subfield code="9">INSPIRETeX</subfield>
  </datafield>
  <datafield tag="035" ind1=" " ind2=" ">
    <subfield code="9">DESY</subfield>
    <subfield code="z">DA17-kp08ae</subfield>
  </datafield>
  <datafield tag="245" ind1=" " ind2=" ">
    <subfield code="a">Study of $e^{+}e^{-} \to K^{+}K^{-}\eta$ process with the CMD-3 detector at VEPP-2000 collider</subfield>
  </datafield>
</record>