
<record>
  <controlfield tag="001">1513669</controlfield>
  <datafield tag="024" ind1="7" ind2=" ">
    <subfield code="2">DOI</subfield>
    <subfield code="a">10.3969/j.issn.0253-2778.2016.06.011</subfield>
  </datafield>
  <datafield tag="035" ind1=" " ind2=" ">
    <subfield code="a">Popov:2016vcl</subfield>
    <subfield code="9">INSPIRETeX</subfield>
  </datafield>
  <datafield tag="035" ind1=" " ind2=" ">
    <subfield code="9">DESY</subfield>
    <subfield code="z">DA17-kp08ae</subfield>
  </datafield>
  <datafield tag="245" ind1=" " ind2=" ">
    <subfield code="a">Measurement of $e^{+}e^{-} \to \eta\pi^{+}\pi^{-}$ and $e^{+}e^{-} \to \omega\pi^{+}\pi^-$ cross sections with the CMD-3 detector at the VEPP-2000 collider</subfield>
  </datafield>
</record>

</collection>